@book{Vrs:2025,
    author    = {Nome do Autor},
    title     = {Título do Livro},
    year      = {2025},
    publisher = {Editora}
}


@online{angular2024,
  author       = {Angular.io},
  title        = {Angular},
  year         = {2024},
  url          = {https://angular.io},
  urldate      = {2025-08-12},
}

@misc{cgi2024,
  author       = {Comitê Gestor da Internet no Brasil - CGI.br},
  title        = {Pesquisa sobre o uso das tecnologias de informação e comunicação nos domicílios brasileiros: TIC Domicílios 2023},
  year         = {2024},
  publisher    = {CGI.br},
  address      = {São Paulo},
  url          = {https://cgi.br/media/docs/publicacoes/2/20241104102822/tic_domicilios_2023_livro_eletronico.pdf},
  urldate      = {2025-08-12},
}

@misc{ellen2023,
  author       = {Ellen MacArthur Foundation},
  title        = {What is a circular economy?},
  year         = {2023},
  url          = {https://www.ellenmacarthurfoundation.org/pt/temas/economia-circular-introducao/visao-geral},
  urldate      = {2025-08-12},
}

@phdthesis{fielding2000,
  author       = {Fielding, Roy T.},
  title        = {Architectural Styles and the Design of Network-based Software Architectures},
  year         = {2000},
  school       = {University of California, Irvine},
}

@misc{forti2024,
  author       = {Forti, V. and Baldé, C. P. and Kuehr, R. and Bel, G.},
  title        = {Global E-waste Monitor 2024: Electronic Waste Rising Five Times Faster Than Documented E-waste Recycling},
  year         = {2024},
  publisher    = {UNITAR},
  address      = {Geneva},
  url          = {https://ewastemonitor.info/},
  urldate      = {2025-08-12},
}

@online{dotnet2024,
  author       = {Microsoft},
  title        = {Documentação do .NET},
  year         = {2024},
  url          = {https://dotnet.microsoft.com},
  urldate      = {2025-08-12},
}

@online{sqlserver2024,
  author       = {Microsoft},
  title        = {SQL Server},
  year         = {2024},
  url          = {https://www.microsoft.com/pt-br/sql-server},
  urldate      = {2025-08-12},
}

@book{oecd2019,
  author       = {Organisation for Economic Co-operation and Development (OECD)},
  title        = {Global Material Resources Outlook to 2060: Economic Drivers and Environmental Consequences},
  year         = {2019},
  publisher    = {OECD Publishing},
  address      = {Paris},
}

@article{perkins2014,
  author       = {Perkins, D. N. and Driscoll, C. T. and Likens, G. E. and Bisconti, M.},
  title        = {E-waste: a global hazard},
  journal      = {Annals of Global Health},
  volume       = {80},
  number       = {4},
  pages        = {286--295},
  year         = {2014},
}

@misc{unifeso2025,
  author       = {Centro Universitário Serra dos Órgãos - UNIFESO},
  title        = {Informações Institucionais e Dados Acadêmicos},
  year         = {2025},
  url          = {https://www.unifeso.edu.br},
  urldate      = {2025-08-30}
}