@misc{angular2024,
  author       = {{Google}},
  title        = {Angular documentation},
  year         = {2024},
  url          = {https://angular.io},
  urldate      = {2025-08-12},
}

@techreport{cgi2024,
  author       = {{Comitê Gestor da Internet no Brasil (CGI.br)}},
  title        = {Pesquisa sobre o uso das tecnologias de informação e comunicação nos domicílios brasileiros: TIC Domicílios 2023},
  year         = {2024},
  institution  = {CGI.br},
  address      = {São Paulo},
  url          = {https://cgi.br/media/docs/publicacoes/2/20241104102822/tic_domicilios_2023_livro_eletronico.pdf},
  urldate      = {2025-08-12},
}

@misc{dotnet2024,
  author       = {{Microsoft}},
  title        = {Documentação do .NET},
  year         = {2024},
  url          = {https://dotnet.microsoft.com},
  urldate      = {2025-08-12},
}

@techreport{EMF2013,
  author      = {{Ellen MacArthur Foundation}},
  title       = {Towards the Circular Economy, Vol.1: Economic and business rationale for an accelerated transition},
  institution = {Ellen MacArthur Foundation},
  year        = {2013},
  address     = {Cowes, UK},
  url         = {https://www.ellenmacarthurfoundation.org/towards-the-circular-economy-vol-1-an-economic-and-business-rationale-for-an},
  urldate     = {2025-08-31},
}

@misc{ellen2023,
  author  = {{Ellen MacArthur Foundation}},
  title   = {O que é economia circular?},
  year    = {2023},
  url     = {https://www.ellenmacarthurfoundation.org/pt/temas/economia-circular-introducao/visao-geral},
  urldate = {2025-08-31},
}

@misc{EUWEEE2012,
  author = {{European Union}},
  title  = {Directive 2012/19/EU of the European Parliament and of the Council of 4 July 2012 on waste electrical and electronic equipment (WEEE)},
  year   = {2012},
  note   = {Official Journal of the European Union, L 197/38},
  url    = {https://eur-lex.europa.eu/legal-content/EN/TXT/?uri=CELEX:32012L0019},
  urldate = {2025-08-31},
}

@phdthesis{fielding2000,
  author = {Fielding, Roy T.},
  title  = {Architectural styles and the design of network-based software architectures},
  year   = {2000},
  school = {University of California, Irvine},
  url    = {https://www.ics.uci.edu/~fielding/pubs/dissertation/top.htm},
}

@techreport{Forti2020,
  author      = {Forti, Vanessa and Baldé, Cornelis P. and Kuehr, Ruediger and Bel, Gaëlle},
  title       = {The global e-waste monitor 2020: Quantities, flows and the circular economy potential},
  institution = {United Nations University (UNU) et al.},
  year        = {2020},
  address     = {Bonn/Geneva/Rotterdam},
  url         = {https://ewastemonitor.info/gem-2020/},
}

@techreport{forti2024,
  author      = {Forti, Vanessa and Baldé, Cornelis P. and Kuehr, Ruediger and Bel, Gaëlle},
  title       = {Global e-waste monitor 2024: Electronic waste rising five times faster than documented e-waste recycling},
  institution = {United Nations Institute for Training and Research (UNITAR)},
  year        = {2024},
  address     = {Geneva},
  url         = {https://ewastemonitor.info/the-global-e-waste-monitor-2024/},
}

@article{Geissdoerfer2017,
  author  = {Geissdoerfer, Martin and Savaget, Paulo and Bocken, Nancy M. P. and Hultink, Erik J.},
  title   = {The circular economy – A new sustainability paradigm?},
  journal = {Journal of Cleaner Production},
  volume  = {143},
  pages   = {757--768},
  year    = {2017},
  note    = {doi:10.1016/j.jclepro.2016.12.048},
}

@misc{GreenEletron2022,
  author  = {{Green Eletron}},
  title   = {Desafios para a reciclagem do lixo eletrônico no Brasil},
  year    = {2022},
  url     = {https://www.greeneletron.org.br/blog/desafios-para-a-reciclagem-do-lixo-eletronico-no-brasil/},
  urldate = {2024-10-27},
  note    = {Artigo de blog},
}

@article{Rossini2017,
  author  = {Rossini, Valéria},
  title   = {Obsolescência programada e meio ambiente: a geração de resíduos de equipamentos eletroeletrônicos},
  journal = {Revista de Direito e Sustentabilidade},
  volume  = {3},
  number  = {1},
  pages   = {45--60},
  year    = {2017},
  url     = {https://www.indexlaw.org/index.php/revistards/article/view/2044}
}


@article{Heacock2016,
  author  = {Heacock, Michelle and Kelly, Christina B. and Suk, William A. and Sly, Peter D. and Sand-Skaer, Marie and Olia, Sara and Thompson, Charles L. and Carpenter, David O.},
  title   = {E-waste and harm to vulnerable populations: A growing global problem},
  journal = {Environmental Health Perspectives},
  volume  = {124},
  number  = {5},
  pages   = {550--555},
  year    = {2016},
  note    = {doi:10.1289/ehp.1509699},
}

@article{Kirchherr2017,
  author  = {Kirchherr, Julian and Reike, Denise and Hekkert, Mark},
  title   = {Conceptualizing the circular economy: An analysis of 114 definitions},
  journal = {Resources, Conservation and Recycling},
  volume  = {127},
  pages   = {221--232},
  year    = {2017},
  note    = {doi:10.1016/j.resconrec.2017.09.005},
}

@book{oecd2019,
  author     = {{Organisation for Economic Co-operation and Development (OECD)}},
  title      = {Global material resources outlook to 2060: Economic drivers and environmental consequences},
  year       = {2019},
  publisher  = {OECD Publishing},
  address    = {Paris},
  note       = {doi:10.1787/9789264307452-en},
}

@article{perkins2014,
  author  = {Perkins, David N. and Driscoll, Charles T. and Likens, Gene E. and Bisconti, Michael and McGuire, Gregory L. and Evers, David C. and O'Driscoll, Norman J.},
  title   = {E-waste: A global hazard},
  journal = {Annals of Global Health},
  volume  = {80},
  number  = {4},
  pages   = {286--295},
  year    = {2014},
  note    = {doi:10.1016/j.aogh.2014.10.001},
}

@article{perkins2014b,
  author  = {Perkins, David N. and Drisse, Marie-Noël B. and Nxumalo, Enos N. and Simate, Godfrey S.},
  title   = {Health and environmental hazards of e-waste and its management: A review},
  journal = {Journal of Environmental Management},
  volume  = {146},
  pages   = {424--432},
  year    = {2014},
  note    = {doi:10.1016/j.jenvman.2014.07.039},
}

@book{Pressman2014,
  author    = {Pressman, Roger S. and Maxim, Bruce R.},
  title     = {Software engineering: A practitioner's approach},
  publisher = {McGraw-Hill Education},
  year      = {2014},
  edition   = {8},
  address   = {New York},
}

@article{Robinson2009,
  author  = {Robinson, Brett H.},
  title   = {E-waste: An assessment of global production and environmental impacts},
  journal = {Science of the Total Environment},
  volume  = {408},
  number  = {2},
  pages   = {183--191},
  year    = {2009},
  note    = {doi:10.1016/j.scitotenv.2009.09.044},
}

@misc{sqlserver2024,
  author       = {{Microsoft}},
  title        = {SQL Server documentation},
  year         = {2024},
  url          = {https://www.microsoft.com/pt-br/sql-server},
  urldate      = {2025-08-12},
}

@misc{unifeso2025,
  author       = {{Centro Universitário Serra dos Órgãos (UNIFESO)}},
  title        = {Informações institucionais e dados acadêmicos},
  year         = {2025},
  url          = {https://www.unifeso.edu.br},
  urldate      = {2025-08-30},
}

@misc{Brasil2010,
  author  = {{Brasil. Presidência da República}},
  title   = {Lei n.º 12.305, de 2 de agosto de 2010. Institui a Política Nacional de Resíduos Sólidos},
  year    = {2010},
  url     = {http://www.planalto.gov.br/ccivil_03/_ato2007-2010/2010/lei/l12305.htm},
  urldate = {2025-08-31},
}

@article{Widmer2005,
  author  = {Widmer, Rolf and Oswald-Krapf, Heidi and Sinha-Khetriwal, Deepali and Schnellmann, Maximilian and Böni, Heinz},
  title   = {Global perspectives on e-waste},
  journal = {Environmental Impact Assessment Review},
  volume  = {25},
  number  = {5},
  pages   = {436--458},
  year    = {2005},
  note    = {doi:10.1016/j.eiar.2005.04.001},
}
